@misc{bfs_gfg,
  title = {Breadth First Search or BFS for a Graph},
  url = {https://www.geeksforgeeks.org/breadth-first-search-or-bfs-for-a-graph/?ref=lbp},
  note = {accessed: 2023}
}

@misc{bellmanford_gfg,
  title = {Bellman-Ford Algorithm | DP-23},
  url = {https://www.geeksforgeeks.org/bellman-ford-algorithm-dp-23/?ref=lbp},
  note = {accessed: 2023}
}

@misc{bellmanford_brilliant,
  title = {Bellman-Ford Algorithm},
  url = {https://brilliant.org/wiki/bellman-ford-algorithm/},
  note = {accessed: 2023}
}

@misc{bfs_applications_gfg,
  title = {Applications of Breadth-First Traversal},
  url = {https://www.geeksforgeeks.org/applications-of-breadth-first-traversal/?ref=appendix},
  note = {accessed: 2023}
}

@book{kleinberg2005algorithm,
  title = {Algorithm Design},
  author = {Kleinberg, Jon and Tardos, Eva},
  year = {2005},
  publisher = {Pearson Education}
}

@book{cormen2009introduction,
  title = {Introduction to Algorithms},
  author = {Cormen, Thomas H. and Leiserson, Charles E. and Rivest, Ronald L. and Stein, Clifford},
  year = {2009},
  edition = {3},
  publisher = {MIT Press}
}

@misc{ChatGPT,
  author = {ChatGPT},
  title = {Application of bellman ford algorithm},
  year = {2023},
  note = {}
}
